@inproceedings{phankokkruad2017influence,
  title={Influence of facial expression and viewpoint variations on face recognition accuracy by different face recognition algorithms},
  author={Phankokkruad, Manop and Jaturawat, Phichaya},
  booktitle={2017 18th IEEE/ACIS International Conference on Software Engineering, Artificial Intelligence, Networking and Parallel/Distributed Computing (SNPD)},
  pages={231--237},
  year={2017},
  organization={IEEE}
}
@inproceedings{paul2020comparative,
  title={A Comparative Study on Facial Recognition Algorithms},
  author={Paul, Sanmoy and Acharya, Sameer Kumar},
  booktitle={e-journal-First Pan IIT International Management Conference--2018},
  year={2020}
}
@article{sirovich1987low,
  title={Low-dimensional procedure for the characterization of human faces},
  author={Sirovich, Lawrence and Kirby, Michael},
  journal={Josa a},
  volume={4},
  number={3},
  pages={519--524},
  year={1987},
  publisher={Optica Publishing Group}
}
@article{lata2009facial,
  title={Facial recognition using eigenfaces by PCA},
  author={Lata, Y Vijaya and Tungathurthi, Chandra Kiran Bharadwaj and Rao, H Ram Mohan and Govardhan, A and Reddy, LP},
  journal={International Journal of Recent Trends in Engineering},
  volume={1},
  number={1},
  pages={587},
  year={2009},
  publisher={Academy Publisher}
}
@article{padilla2012evaluation,
  title={Evaluation of haar cascade classifiers designed for face detection},
  author={Padilla, Rafael and Costa Filho, CFF and Costa, MGF},
  journal={World Academy of Science, Engineering and Technology},
  volume={64},
  pages={362--365},
  year={2012}
}
@inproceedings{rahmad2020comparison,
  title={Comparison of Viola-Jones Haar Cascade classifier and histogram of oriented gradients (HOG) for face detection},
  author={Rahmad, C and Asmara, R An and Putra, DRH and Dharma, I and Darmono, H and Muhiqqin, I},
  booktitle={IOP conference series: materials science and engineering},
  volume={732},
  number={1},
  pages={012038},
  year={2020},
  organization={IOP Publishing}
}
@inproceedings{jun2021development,
  title={The development and application of support vector machine},
  author={Jun, Zhao},
  booktitle={Journal of Physics: Conference Series},
  volume={1748},
  number={5},
  pages={052006},
  year={2021},
  organization={IOP Publishing}
}